@article{111,
	title={人工智能技术在肺部影像辅助诊断中的应用进展},
	author={唐智贤 and 王一淼 and 周靓怡 and 陆心怡 and 梁凯轶},
	journal={中国医学物理学杂志},
	volume={39},
	pages={655-660},
	year={2022},
}

@article{222,
title = {Synergistic learning of lung lobe segmentation and hierarchical multi-instance classification for automated severity assessment of COVID-19 in CT images},
journal = {Pattern Recognition},
volume = {113},
pages = {107828},
year = {2021},
issn = {0031-3203},
author = {Kelei He and Wei Zhao and Xingzhi Xie and Wen Ji and Mingxia Liu and Zhenyu Tang and Yinghuan Shi and Feng Shi and Yang Gao and Jun Liu and Junfeng Zhang and Dinggang Shen}
}

@article{333,
	title={深度学习结合影像组学的胸部CT新冠肺炎智能诊断模型研究},
	author={徐翠莲 and 印宏坤 and 伋立荣 and 蔡武 and 张伟 and 范国华},
	journal={罕少疾病杂志},
	volume={28},
	pages={16-20},
	year={2021}
}
